%! Author = Mac
%! Date = 03.10.24

@article{e01,
    author = {Einstein},
    title = {Zur Elektrodynamik bewegter KÃ¶rper},
    journal = {Annalen der Physik},
    year = {1905},
}